@article{DBLP:journals/corr/abs-1811-01571,
  author    = {Mohsen Yavartanoo and
               Euyoung Kim and
               Kyoung Mu Lee},
  title     = {SPNet: Deep 3D Object Classification and Retrieval using Stereographic
               Projection},
  journal   = {CoRR},
  volume    = {abs/1811.01571},
  year      = {2018}
}


@inproceedings{DBLP:conf/icra/WuWYK18,
  author    = {Bichen Wu and
               Alvin Wan and
               Xiangyu Yue and
               Kurt Keutzer},
  title     = {SqueezeSeg: Convolutional Neural Nets with Recurrent {CRF} for Real-Time
               Road-Object Segmentation from 3D LiDAR Point Cloud},
  booktitle = {2018 {IEEE} International Conference on Robotics and Automation, {ICRA}
               2018, Brisbane, Australia, May 21-25, 2018},
  pages     = {1887--1893},
  publisher = {{IEEE}},
  year      = {2018},
  url       = {https://doi.org/10.1109/ICRA.2018.8462926},
  doi       = {10.1109/ICRA.2018.8462926},
  timestamp = {Wed, 19 Sep 2018 09:21:27 +0200},
  biburl    = {https://dblp.org/rec/bib/conf/icra/WuWYK18},
  bibsource = {dblp computer science bibliography, https://dblp.org}
}


@InProceedings{Zhou_2018_CVPR,
  author = {Zhou, Yin and Tuzel, Oncel},
  title = {VoxelNet: End-to-End Learning for Point Cloud Based 3D Object Detection},
  booktitle = {The IEEE Conference on Computer Vision and Pattern Recognition (CVPR)},
  month = {June},
  year = {2018}
}



@inproceedings{DBLP:conf/cvpr/RieglerUG17,
  author    = {Gernot Riegler and
               Ali Osman Ulusoy and
               Andreas Geiger},
  title     = {OctNet: Learning Deep 3D Representations at High Resolutions},
  booktitle = {2017 {IEEE} Conference on Computer Vision and Pattern Recognition,
               {CVPR} 2017, Honolulu, HI, USA, July 21-26, 2017},
  pages     = {6620--6629},
  publisher = {{IEEE} Computer Society},
  year      = {2017},
  url       = {https://doi.org/10.1109/CVPR.2017.701},
  doi       = {10.1109/CVPR.2017.701},
  timestamp = {Tue, 14 Nov 2017 17:15:06 +0100},
  biburl    = {https://dblp.org/rec/bib/conf/cvpr/RieglerUG17},
  bibsource = {dblp computer science bibliography, https://dblp.org}
}



@inproceedings{DBLP:conf/icpr/HuangY16,
  author    = {Jing Huang and
               Suya You},
  title     = {Point cloud labeling using 3D Convolutional Neural Network},
  booktitle = {23rd International Conference on Pattern Recognition, {ICPR} 2016,
               Canc{\'{u}}n, Mexico, December 4-8, 2016},
  pages     = {2670--2675},
  publisher = {{IEEE}},
  year      = {2016},
  url       = {https://doi.org/10.1109/ICPR.2016.7900038},
  doi       = {10.1109/ICPR.2016.7900038},
  timestamp = {Wed, 24 May 2017 08:30:45 +0200},
  biburl    = {https://dblp.org/rec/bib/conf/icpr/HuangY16},
  bibsource = {dblp computer science bibliography, https://dblp.org}
}



@inproceedings{DBLP:conf/iros/MaturanaS15,
  author    = {Daniel Maturana and
               Sebastian Scherer},
  title     = {VoxNet: {A} 3D Convolutional Neural Network for real-time object recognition},
  booktitle = {{IROS}},
  pages     = {922--928},
  publisher = {{IEEE}},
  year      = {2015}
}



@ARTICLE{Geiger2013IJRR,
  author = {Andreas Geiger and Philip Lenz and Christoph Stiller and Raquel Urtasun},
  title = {Vision meets Robotics: The KITTI Dataset},
  journal = {International Journal of Robotics Research (IJRR)},
  year = {2013}
} 


@inproceedings{DEBSGC2019,
  author    = {Oleh Bodunov and Vincenzo Gulisano and Zbigniew Jerzak and Andre Martin and Hannaneh Najdataei and Pavel Smirnov and Martin Strohbach and  Holger Ziekow},
  title     = {The {DEBS} 2019 grand challenge},
  booktitle = {Proceedings of the 11th {ACM} International Conference on Distributed and Event-based Systems, {DEBS} '19, Darmstadt, Germany, June 24 - 28, 2019},
  year      = {2019}
}

@inproceedings{geiger2012we,
	title={Are we ready for autonomous driving? the kitti vision benchmark suite},
	author={Geiger, Andreas and Lenz, Philip and Urtasun, Raquel},
	booktitle={2012 IEEE Conference on Computer Vision and Pattern Recognition},
	pages={3354--3361},
	year={2012},
	organization={IEEE}
}


